00575cas a22002291a 4500
001 999303833502836
003 Nz
005 20220202151850.0
008 040107d1965uuuunz wr ne      0   a0eng d
035    $a (NLNZils)930383
035    $a (Nz)8169318
035    $a (NLNZils)930383-ilsdb
035    $a (OCoLC)173421983
040    $a WN $c WN
042    $a nznb
043    $a u-nz---
245 00 $a Nelson press.
260    $a [Nelson, N.Z. : $b s.n., $c 1965-?]
310    $a Weekly
362 0  $a 1965 Apr.22-?
651  0 $a Nelson (N.Z.) $v Newspapers.
655  7 $a New Zealand newspapers. $2 local $5 Nz
